@article{huffman-52,
  author = {David A. Huffman},
  title = {A Method for the Construction of Minimum-Redundancy Codes},
  year = {1952},
  month = {9},
  journal = {Proceedings of the IRE},
  volume = {40},
  issue = {9},
  pages = {1098-1101}
}