@article{even-63,
  author = {Shimon Even},
  title = {Tests for Unique Decipherability},
  year = {1963},
  journal = {IEEE Transactions on Information Theory},
  volume = {9},
  issue = {2},
  pages = {109-112}
}

@article{levenshtein-64,
  author = {V. I. Levenshtein},
  title = {Some Properties of Coding and Self-Adjusting Automata for Decoding Messages},
  year = {1964},
  pages = {63-121},
  journal = {Problemy Kibernet},
  volume = {11}
}

@article{riley-67,
  author = {J. A. Riley},
  title = {The Sardinas-Patterson and Levenshtein theorems},
  journal = {Information and Control},
  volume = {10},
  year = {1967},
  pages = {120-136}
}

